<?xml version="1.0" encoding="UTF-8"?><collection xmlns="http://www.loc.gov/MARC21/slim"><record><leader>00405nam--2200145-i-4500</leader><controlfield tag="001">000012679</controlfield><controlfield tag="002">20161230</controlfield><controlfield tag="005">20170101165508</controlfield><controlfield tag="008">060222s1000------------r-----000-0-eng-d</controlfield><datafield ind1=" " ind2=" " tag="245"><subfield code="a">Photon correlation spectroscopy and velocimetry</subfield></datafield><datafield ind1=" " ind2=" " tag="260"><subfield code="a">New York, Plenum Press, 1977</subfield></datafield><datafield ind1=" " ind2=" " tag="490"><subfield code="a">Nato Advanced Study Institutes Series B</subfield></datafield><datafield ind1=" " ind2=" " tag="700"><subfield code="a">Pike, E. R</subfield></datafield><datafield ind1=" " ind2=" " tag="852"><subfield code="a">539.172.3</subfield></datafield><datafield ind1=" " ind2=" " tag="CAT"><subfield code="a">SYS</subfield><subfield code="c">20170101</subfield><subfield code="h">165508</subfield></datafield></record></collection>